@article{vgg16,
  author    = {Karen Simonyan and
               Andrew Zisserman},
  title     = {Very Deep Convolutional Networks for Large-Scale Image Recognition},
  journal   = {CoRR},
  volume    = {abs/1409.1556},
  year      = {2014},
  url       = {http://arxiv.org/abs/1409.1556},
  timestamp = {Wed, 01 Oct 2014 15:00:05 +0200},
  biburl    = {http://dblp.uni-trier.de/rec/bib/journals/corr/SimonyanZ14a},
  bibsource = {dblp computer science bibliography, http://dblp.org}
}

@article{pretrainedmodel,
  title={VGG16 model for Keras},
  author = {Fran√ßois Chollet},
  note = {The trained model can be downloaded from GitHub \url{https://github.com/fchollet/deep-learning-models}},
  url = {https://github.com/fchollet/deep-learning-models}
}

@article{ryan,
  author = {Ryan Dahl},
  url = {http://tinyclouds.org/colorize/}
}

@ARTICLE{Meyer2000,
AUTHOR="Bernd Meyer",
TITLE="A constraint-based framework for diagrammatic reasoning",
JOURNAL="Applied Artificial Intelligence",
VOLUME= "14",
ISSUE = "4",
PAGES= "327--344",
YEAR=2000
}

@ARTICLE{Codishetal2000,
AUTHOR="M. Codish and K. Marriott and C.K. Taboch",
TITLE="Improving program analyses by structure untupling",
JOURNAL="Journal of Logic Programming",
VOLUME= "43",
ISSUE = "3",
PAGES= "251--263",
YEAR=2000
}

@inproceedings{Huetal2000,
author = "J. Hu, and H.R. Wu and A. Jennings and X. Wang",
title = "Fast and robust equalization: A case study",
booktitle = "Proceedings of the World Multiconference on Systemics, Cybernetics and Informatics, (SCI 2000), Florida, USA, 23-26 July 2000",
publisher = "International Institute of Informatics and Systemics",
address = "FL, USA",
pages = "398--403",
year = "2000"
}

@Book{Conway2000,
author = {Damian Conway},
title = {Object {O}riented {P}erl: {A} comprehensive guide to concepts and programming techniques},
publisher = {Manning Publications Co.},
year = {2000},
address = {Connecticut, USA}
}