%% This BibTeX bibliography file was created using BibDesk.
%% http://bibdesk.sourceforge.net/

%% Created for Sek Cheong at 2017-05-01 03:17:52 -0500 


%% Saved with string encoding Unicode (UTF-8) 



@article{YUVWIKI,
	Author = {Wikipedia},
	Date-Added = {2017-05-01 08:15:41 +0000},
	Date-Modified = {2017-05-01 08:17:47 +0000},
	Title = {YUV},
	Note = {\url{https://en.wikipedia.org/wiki/YUV}},
	Bdsk-Url-1 = {https://en.wikipedia.org/wiki/YUV}}

@url{PYDATA,
	Author = {Sek Cheong},
	Date-Added = {2017-05-01 05:44:52 +0000},
	Date-Modified = {2017-05-01 05:45:28 +0000},
	Note = {GitHub source code \url{https://github.com/sekcheong/colorize/blob/master/src/preprocess.py}},
	Title = {Python script for preprocessing the image data},
	Bdsk-Url-1 = {https://github.com/sekcheong/colorize/blob/master/src/preprocess.py}}

@webpage{MIRFLICKR,
	Date-Added = {2017-05-01 05:03:25 +0000},
	Date-Modified = {2017-05-01 05:05:19 +0000},
	Lastchecked = {2017},
	Month = {4},
	Title = {The MIRFLICKR Retrieval Evaluation},
	Url = {http://press.liacs.nl/mirflickr/},
	Year = {2017},
	Bdsk-Url-1 = {http://press.liacs.nl/mirflickr/}}

@article{MIR08,
	Author = {M.J. Huiskes, M.S. Lew},
	Date-Added = {2017-04-23 20:46:29 +0000},
	Date-Modified = {2017-04-23 20:48:01 +0000},
	Journal = {ACM International Conference on Multimedia Information Retrieval},
	Title = {The MIR Flickr Retrieval Evaluation},
	Year = {2008}}

@article{VGG16,
	Author = {Karen Simonyan and Andrew Zisserman},
	Bibsource = {dblp computer science bibliography, http://dblp.org},
	Biburl = {http://dblp.uni-trier.de/rec/bib/journals/corr/SimonyanZ14a},
	Date-Modified = {2017-04-23 20:49:01 +0000},
	Journal = {CoRR},
	Timestamp = {Wed, 01 Oct 2014 15:00:05 +0200},
	Title = {Very Deep Convolutional Networks for Large-Scale Image Recognition},
	Url = {http://arxiv.org/abs/1409.1556},
	Volume = {abs/1409.1556},
	Year = {2014},
	Bdsk-Url-1 = {http://arxiv.org/abs/1409.1556}}

@url{VGG16TRAINED,
	Author = {Fran{\c c}ois Chollet},
	Date-Modified = {2017-04-23 20:49:13 +0000},
	Note = {The trained model can be downloaded from GitHub \url{https://github.com/fchollet/deep-learning-models}},
	Title = {VGG16 model for Keras},
	Url = {https://github.com/fchollet/deep-learning-models},
	Bdsk-Url-1 = {https://github.com/fchollet/deep-learning-models}}

@url{RYAN2016,
	Author = {Ryan Dahl},
	Date-Modified = {2017-04-23 20:49:43 +0000},
	Note = {\url{http://tinyclouds.org/colorize/}},
	Title = {Automatic Colorization},
	Url = {http://tinyclouds.org/colorize/},
	Urldate = {January 2016},
	Bdsk-Url-1 = {http://tinyclouds.org/colorize/}}

@article{Meyer2000,
	Author = {Bernd Meyer},
	Issue = {4},
	Journal = {Applied Artificial Intelligence},
	Pages = {327--344},
	Title = {A constraint-based framework for diagrammatic reasoning},
	Volume = {14},
	Year = 2000}

@article{Codishetal2000,
	Author = {M. Codish and K. Marriott and C.K. Taboch},
	Issue = {3},
	Journal = {Journal of Logic Programming},
	Pages = {251--263},
	Title = {Improving program analyses by structure untupling},
	Volume = {43},
	Year = 2000}

@inproceedings{Huetal2000,
	Address = {FL, USA},
	Author = {J. Hu, and H.R. Wu and A. Jennings and X. Wang},
	Booktitle = {Proceedings of the World Multiconference on Systemics, Cybernetics and Informatics, (SCI 2000), Florida, USA, 23-26 July 2000},
	Pages = {398--403},
	Publisher = {International Institute of Informatics and Systemics},
	Title = {Fast and robust equalization: A case study},
	Year = {2000}}

@book{Conway2000,
	Address = {Connecticut, USA},
	Author = {Damian Conway},
	Publisher = {Manning Publications Co.},
	Title = {Object {O}riented {P}erl: {A} comprehensive guide to concepts and programming techniques},
	Year = {2000}}
